<record><leader>00000cas a2200000 a 4500</leader><controlfield tag="001">5667150</controlfield><controlfield tag="008">791108u1972uuuumdumr ne      0   a0eng d</controlfield><controlfield tag="009">541</controlfield><datafield ind1=" " ind2=" " tag="010"><subfield code="a">sn2002061407</subfield></datafield><datafield ind1=" " ind2=" " tag="040"><subfield code="a">UCU</subfield><subfield code="c">UCU</subfield><subfield code="d">MUL</subfield><subfield code="d">NYS</subfield><subfield code="d">OCLCQ</subfield></datafield><datafield ind1=" " ind2=" " tag="043"><subfield code="a">n-us-md</subfield></datafield><datafield ind1="0" ind2="0" tag="245"><subfield code="a">Dragonseed.</subfield></datafield><datafield ind1=" " ind2=" " tag="260"><subfield code="a">Baltimore, Md. :</subfield><subfield code="b">Dragon Collective,</subfield><subfield code="c">1972-</subfield></datafield><datafield ind1=" " ind2=" " tag="300"><subfield code="a">v. :</subfield><subfield code="b">ill.</subfield></datafield><datafield ind1=" " ind2=" " tag="310"><subfield code="a">Monthly</subfield></datafield><datafield ind1="0" ind2=" " tag="362"><subfield code="a">Vol. 1, no. 6 (Sept., 1972)-</subfield></datafield><datafield ind1=" " ind2=" " tag="530"><subfield code="a">Available on microfilm from UMI (Underground newspaper collection).</subfield></datafield><datafield ind1=" " ind2=" " tag="580"><subfield code="a">Continues: Dragon seed.</subfield></datafield><datafield ind1=" " ind2="0" tag="650"><subfield code="a">Underground press</subfield><subfield code="z">Maryland</subfield><subfield code="v">Sources.</subfield></datafield><datafield ind1=" " ind2="0" tag="651"><subfield code="a">Baltimore (Md.)</subfield><subfield code="v">Newspapers.</subfield></datafield><datafield ind1=" " ind2="0" tag="651"><subfield code="a">Baltimore County (Md.)</subfield><subfield code="v">Newspapers.</subfield></datafield><datafield ind1=" " ind2=" " tag="752"><subfield code="a">United States</subfield><subfield code="b">Maryland</subfield><subfield code="c">Baltimore</subfield><subfield code="d">Baltimore.</subfield></datafield><datafield ind1="1" ind2=" " tag="776"><subfield code="c">Microfilm</subfield><subfield code="w">(OCoLC)8072912</subfield></datafield><datafield ind1="0" ind2="0" tag="780"><subfield code="t">Dragon seed</subfield><subfield code="w">(OCoLC)5667136</subfield><subfield code="w">(CU-UC)10700204:10700600</subfield><subfield code="g">no. 1-8, 1972</subfield></datafield><datafield ind1=" " ind2=" " tag="936"><subfield code="a">INC</subfield></datafield></record>